@BOOK{Rybicka03,
	author = "Rybièka, Jiøí",
	title = "{\LaTeX} pro zaèáteèníky",
	publisher = "Konvoj",
	address = "Brno",
	edition = "3",
	pages = "240",
	year = "2003",
	isbn = "80-7302-049-1"
}

@BOOK{Lamport85,
	author = "Lamport, Leslie",
	title = "{\LaTeX} - A Document Preparation System",
	language = "english",
	publisher = "Addison-Wesley",
	address = "Massachusetts",
	edition = "2",
	pages = "272",
	year = "1994",
	isbn = "0-201-52983-1"
}

@MASTERSTHESIS{Lipowski07,
	author = "Lipowski, Jan",
	title = "Distribuovaná syntaktická analýza",
	pages = "62",
	school = "FIT VUT v~Brnì",
	year = "2007"
}

@PHDTHESIS{Masopust07,
	author = "Masopust, Tomá¹",
	title = "Regulated Formal Models and Their Reduction",
	language = "english",
	pages = "71",
	school = "FIT VUT v~Brnì",
	year = "2007"
}

@INPROCEEDINGS{Sojka99,
	author = "Sojka, Petr",
	title = "Hyphenation on Demand",
	booktitle = "TeX Online: Untangling the Web and TeX.
		Proceedings of 20th Annual Meeting of the TeX Users Group",
	language = "english",
	pages = "1085--1091",
	publisher = "TeX Users Group",
	address = "Vancouver, BC, Canada",
	year = "1999"
}

@INPROCEEDINGS{SalzbergMurphy05,
	author = "Salzberg, Ben and Murphy, Trevor",
	title = "{\LaTeX}: When Word Fails You",
	booktitle = "SIGUCCS '05: Proceedings of the 33rd annual ACM SIGUCCS
		conference on User services",
	language = "english",
	pages = "241--243",
	publisher = "ACM",
	address = "New York, NY, USA",
	year = "2005"
}

@PROCEEDINGS{Slt01,
	title = "SLT 2001",
	editor = "Kasprzak, Jan and Sojka, Petr",
	address = "Brno, CZ",
	pages = "196",
	publisher = "Konvoj",
	isbn =  "80-7302-009-2",
	year = "2001"
}

@MISC{Martinek08,
	author = "Martinek, David",
	title = "\LaTeX{}ové speciality",
	howpublished = "[online]",
	note = "Poslední modifikace: 2008-02-24. [citováno 2008-04-04]",
	url = "http://www.fit.vutbr.cz/.martinek/latex/index.html"
}

@MISC{SoftwareKile08,
	title = "Kile - An Itegrated {\LaTeX} Environment",
	howpublished = "[online]",
	language = "english",
	note = "Poslední modifikace: 2008-03-09. [citováno 2008-04-04]",
	url = "http://kile.sourceforge.net"
}

@MISC{WikiLatex08,
	title = "{\LaTeX} - Wikipedie, otevøená encyklopedie",
	howpublished = "[online]",
	language = "english",
	note = "Poslední modifikace: 2008-01-31. [citováno 2008-04-04]",
	url = "http://cs.wikipedia.org/wiki/LaTeX"
}
