@Book{BezpecnostVLinuxu,
	title = {Bezpeènost v Linuxu: Prevence a odvracení napadení systému},
	author = {Bob Toxen},
	publisher = {Computer Press},
	year = {2003},
	isbn = {80-7226-716-7},
}

@Book{SshKompletniPruvodce,
	title = {SSH Kompletní prùvodce},
	author = {Daniel J. Barret and Richard E. Silverman},
	publisher = {Computer Press},
	year = {2003},
	isbn = {80-7226-852-X},
}

@Book{PracticalUnixSecurity,
	title = {Practical UNIX and Internet security},
	author = {Simson Garfinkel and Gene Spafford},
	publisher = {O'Reilly},
	edition = {third},
	year = {1996},
	isbn = {1-56592-148-8},
}

@Article{ElevenSshTricks,
	author = {Daniel R. Allen },
	title = {Eleven SSH tricks},
	journal = {Linux Journal},
	volume = {2003},
	number = {112},
	year = {2003},
	issn = {1075-3583},
	pages = {5},
	publisher = {Specialized Systems Consultants, Inc.},
	address = {Seattle, WA, USA},
}

@Misc{ManSshd,
	title = {OpenSSH SSH daemon configuration file},
	author = {Markus Friedl},
	howpublished = {[online]},
	note = {Poslední aktualizace 2009-02-22. [cit. 2009-04-13].
		Dostupné na URL: \url{http://www.openbsd.org/cgi-bin/man.cgi?query=sshd_config}},
}

@Misc{ManSsh,
	title = {OpenSSH SSH client configuration files},
	author = {Markus Friedl},
	howpublished = {[online]},
	note = {Poslední aktualizace 2009-02-22. [cit. 2009-04-13].
		Dostupné na URL: \url{http://www.openbsd.org/cgi-bin/man.cgi?query=ssh_config}},
}

@Misc{ManSshAgent,
	title = {ssh-agent - authentication agent},
	author = {Markus Friedl},
	howpublished = {[online]},
	note = {Poslední aktualizace 2007-10-09. [cit. 2009-04-13].
		Dostupné na URL: \url{http://www.openbsd.org/cgi-bin/man.cgi?query=ssh-agent&sektion=1}},
}

@Misc{ChanPortLowerRisk,
	title = {Security and obscurity: Does changing your SSH port lower your risk?},
	author = {Daniel Miessler},
	howpublished = {[online]},
	note = {Poslední aktualizace 2008-03-16. [cit. 2009-04-13].
		Dostupné na URL: \url{http://dmiessler.com/blog/security-and-obscurity-does-changing-your-ssh-port-lower-your-risk}},
}

@Misc{ChanPortSecByObsc,
	title = {SSH server security through obscurity},
	author = {Chris Hope},
	howpublished = {[online]},
	note = {Poslední aktualizace 2008-02-15. [cit. 2009-04-13].
		Dostupné na URL: \url{http://www.electrictoolbox.com/ssh-server-security-through-obscurity/}},
}

@Misc{Protocol2MoreSecure,
	title = {SSH protocol 2 required},
	author = {NERSC},
	howpublished = {[online]},
	note = {Poslední aktualizace 2004-05-24. [cit. 2009-04-13].
		Dostupné na URL: \url{http://www.nersc.gov/nusers/help/access/ssh1to2_user.php}},
}

@Misc{LoginGraceTimeVulnerability,
	title = {Security Focus: OpenSSH LoginGraceTime remote denial of service vulnerability},
	howpublished = {[online]},
	note = {Poslední aktualizace 2006-12-15. [cit. 2009-04-13].
		Dostupné na URL: \url{http://www.securityfocus.com/bid/14963}},
}

@Misc{RFC1122,
	title = {RFC 1122 - Requirements for Internet hosts - communication layers},
	howpublished = {[online]},
	note = {Poslední aktualizace 1989-10-01. [cit. 2009-04-13].
		Dostupné na URL: \url{http://www.faqs.org/rfcs/rfc1122.html}},
}

@Misc{KeyBasedAuth,
	title = {Using key-based authentication over SSH},
	author = {Steve Suehring},
	howpublished = {[online]},
	note = {Poslední aktualizace 2004-03-19. [cit. 2009-04-13].
		Dostupné na URL: \url{http://www.linux.com/feature/34958}},
}

@Misc{UserWeakestLink,
	title = {Why end-users are your weakest security link},
	author = {Lumension},
	howpublished = {[online]},
	note = {Poslední aktualizace 2007-11-26. [cit. 2009-04-13].
		Dostupné na URL: \url{http://www.gss.co.uk/download/documents/lumension_why_end_users_are_your_weakest_security_link_20080310120643.pdf}},
}

@Misc{UsingSshAgent,
	title = {Using ssh-agent with ssh},
	author = {Mark A. Hershberger},
	howpublished = {[online]},
	note = {Poslední aktualizace 2002-05-18. [cit. 2009-04-13].
		Dostupné na URL: \url{http://mah.everybody.org/docs/ssh}},
}

@Misc{XSessionsSshSecurity,
	title = {Bad security 201 - Remote X sessions over SSH},
	author = {Pat Cahalan},
	howpublished = {[online]},
	note = {Poslední aktualizace 2007-07-09. [cit. 2009-04-13].
		Dostupné na URL: \url{http://padraic2112.wordpress.com/2007/07/09/bad-security-201-remote-x-sessions-over-ssh/}},
}

@Misc{SshClientSecurity,
	title = {SSH security primer: Client security},
	author = {John Traenkenschuh},
	howpublished = {[online]},
	note = {Poslední aktualizace 2007-02-16. [cit. 2009-04-13].
		Dostupné na URL: \url{http://www.informit.com/articles/article.aspx?p=696623}},
}
