@book{UNIXNetworkProgramming,
	author = "Stevens W. Richard",
	title = "UNIX Network Programming: Networking APIs: Sockets and XTI",
	year = "1997",
	isbn = "013490012X",
	publisher = "Prentice Hall PTR",
	address = "Upper Saddle River, NJ, USA",
}

@InCollection{WikiSerialPort,
	key = "Wikipedia",
	title = "Serial port",
	booktitle = "Wikipedia - The Free Encyclopedia",
	publisher = "WIKIMEDIA Foundation",
	year = "2009",
	month = "March",
	url = "http://en.wikipedia.org/wiki/Serial_port",
	note = "[Online; visited 2009-03-06]"
}

@Misc{SerialHOWTO,
	author = "David S. Lawyer and Greg Hankins",
	title = "Serial HOWTO",
	year = "2008",
	month = "December",
	url = "http://tldp.org/HOWTO/Serial-HOWTO.html",
	note ="[Online; visited 2009-03-06]"
}

@Misc{LinuxSerialPortProgramming,
	author = "Antonino Iannella",
	title = "Linux Serial Port Programming Mini-Howto",
	year = "1997",
	month = "March",
	url = "http://slackware.osuosl.org/slackware-3.3/docs/mini/Serial-Port-Programming",
	note ="[Online; visited 2009-03-06]"
}

@Misc{POSIXSerialProgramProgramming,
	author = "Michael R. Sweet",
	title = "Serial Programming Guide for POSIX Operating Systems",
	year = "1999",
	url = "http://www.c-program.com/pdf/serialPort_Programming_c.pdf",
	note ="[Online; visited 2009-03-06]"
}

@Misc{POSIXThreadsProgramming,
	author = "Blaise Barney",
	title = "POSIX Threads Programming",
	year = "2009",
	url = "https://computing.llnl.gov/tutorials/pthreads/",
	note ="[Online; visited 2009-03-06]"
}

@Misc{MarkSpaceParity,
	author = "Thomas Lochmatter",
	title = "Linux and MARK/SPACE Parity",
	year = "2008",
	url = "http://www.lothosoft.ch/thomas/libmip/markspaceparity.php",
	note ="[Online; visited 2009-03-06]"
}
